<?xml version="1.0" encoding="UTF-8"?><record xmlns="http://www.loc.gov/MARC21/slim" xmlns:cinclude="http://apache.org/cocoon/include/1.0" xmlns:zs="http://www.loc.gov/zing/srw/">
  <leader>00556cz  a2200157n  4500</leader>
  <controlfield tag="001">n  81052862 </controlfield>
  <controlfield tag="003">DLC</controlfield>
  <controlfield tag="005">20010801093350.0</controlfield>
  <controlfield tag="008">810602n| acannaab           |a aaa      </controlfield>
  <datafield tag="010" ind1=" " ind2=" ">
    <subfield code="a">n  81052862 </subfield>
  </datafield>
  <datafield tag="040" ind1=" " ind2=" ">
    <subfield code="a">DLC</subfield>
    <subfield code="c">DLC</subfield>
  </datafield>
  <datafield tag="100" ind1="1" ind2=" ">
    <subfield code="a">Flaubert, Gustave,</subfield>
    <subfield code="d">1821-1880.</subfield>
    <subfield code="t">Tentation de saint Antoine.</subfield>
    <subfield code="l">English</subfield>
  </datafield>
  <datafield tag="400" ind1="1" ind2=" ">
    <subfield code="a">Flaubert, Gustave,</subfield>
    <subfield code="d">1821-1880.</subfield>
    <subfield code="t">Temptation of Saint Antony</subfield>
  </datafield>
  <datafield tag="400" ind1="1" ind2=" ">
    <subfield code="a">Flaubert, Gustave,</subfield>
    <subfield code="d">1821-1880.</subfield>
    <subfield code="t">Temptation of Saint Anthony</subfield>
  </datafield>
  <datafield tag="670" ind1=" " ind2=" ">
    <subfield code="a">His The temptation of Saint Antony, 1981.</subfield>
  </datafield>
  <datafield tag="670" ind1=" " ind2=" ">
    <subfield code="a">His The temptation of Saint Anthony, 2001.</subfield>
  </datafield>
</record>